@Manual{Rmanual,
	title = {R: A Language and Environment for Statistical Computing},
	author = {{R Core Team}},
	organization = {R Foundation for Statistical Computing},
	address = {Vienna, Austria},
	year = {2017},
	url = {https://www.R-project.org/},
}

@article{zeller2016,
	author  = {C. B. Zeller and C. R. B. Cabral and V. H. Lachos},
	year    = {2016},
	title   = {Robust mixture regression modeling based on scale mixtures of skew-normal distributions},
	journal = {Test},
	volume  = {25},
	issue={},
	pages   = {375-396}
}

 
 
@Book{Fang90,
	author =   {K. T. Fang and S. Kotz and K. W. Ng},
	title =    {Simetric multivariate and related distribuitions},
	publisher =  {Chapman $\&$ Hall},
	year =     {1990},
	address =      {London}  }

 

